<?xml version="1.0" encoding="UTF-8"?>
<collection xmlns:xsi="http://www.w3.org/2001/XMLSchema-instance" xsi:schemaLocation="http://www.loc.gov/MARC21/slim http://www.loc.gov/standards/marcxml/schema/MARC21slim.xsd" xmlns="http://www.loc.gov/MARC21/slim">
<record>
  <leader>00707cam a2200229   4500</leader>
  <controlfield tag="001">3071127</controlfield>
  <controlfield tag="003">NNC</controlfield>
  <controlfield tag="005">20030429142358.0</controlfield>
  <controlfield tag="008">890926s1963    sy            000 0 arao </controlfield>
  <datafield tag="010" ind1=" " ind2=" ">
    <subfield code="a">ne 64002765 </subfield>
  </datafield>
  <datafield tag="035" ind1=" " ind2=" ">
    <subfield code="a">(OCoLC)ocm23510079</subfield>
  </datafield>
  <datafield tag="035" ind1=" " ind2=" ">
    <subfield code="9">ATP4085CU</subfield>
  </datafield>
  <datafield tag="040" ind1=" " ind2=" ">
    <subfield code="a">DLC</subfield>
    <subfield code="c">EYM</subfield>
    <subfield code="d">CGU</subfield>
    <subfield code="d">ZCU</subfield>
  </datafield>
  <datafield tag="050" ind1=" " ind2="4">
    <subfield code="a">B 753</subfield>
    <subfield code="b">.G33 M115 1963</subfield>
  </datafield>
  <datafield tag="099" ind1=" " ind2=" ">
    <subfield code="a">893.7G34</subfield>
    <subfield code="a">T33</subfield>
  </datafield>
  <datafield tag="100" ind1="0" ind2=" ">
    <subfield code="a">Ghazzālī,</subfield>
    <subfield code="d">1058-1111.</subfield>
  </datafield>
  <datafield tag="245" ind1="1" ind2="3">
    <subfield code="a">al-Maʻārif al-ʻaqlīyah /</subfield>
    <subfield code="c">li-Abī Ḥāmid al-Ghazzālī ; ḥaqqaqahū wa-qaddama lahu ʻAbd al-Karīm al-ʻUthmān.</subfield>
  </datafield>
  <datafield tag="250" ind1=" " ind2=" ">
    <subfield code="a">[al-Ṭabʻah 1]</subfield>
  </datafield>
  <datafield tag="260" ind1=" " ind2=" ">
    <subfield code="a">Dimashq :</subfield>
    <subfield code="b">Dār al-Fikr,</subfield>
    <subfield code="c">[1963]</subfield>
  </datafield>
  <datafield tag="300" ind1=" " ind2=" ">
    <subfield code="a">112 p.</subfield>
    <subfield code="c">24 cm.</subfield>
  </datafield>
  <datafield tag="650" ind1=" " ind2="0">
    <subfield code="a">Knowledge, Theory of.</subfield>
  </datafield>
  <datafield tag="955" ind1=" " ind2=" ">
    <subfield code="b">CU58869492</subfield>
    <subfield code="d">off,glx</subfield>
    <subfield code="e">893.7G34 T33</subfield>
  </datafield>
</record>
</collection>